@online{Guardian, 
    url = "https://www.theguardian.com/global-development/2019/jun/19/more-than-70-million-people-fleeing-conflict-oppression-worldwide",
    author = "Rebecca Ratcliffe",
    title = "More than 70 million people now fleeing conflict and oppression worldwide",
    addendum = "(LÃ¤st den: 11/03/2020)",
    keywords = "The Guardigan, fleeing, opression, worldwide"
}